<?xml version="1.0" encoding="UTF-8"?><collection xmlns="http://www.loc.gov/MARC21/slim"><record><leader>00546nam--2200181-i-4500</leader><controlfield tag="001">000033398</controlfield><controlfield tag="002">20161230</controlfield><controlfield tag="005">20161230201039</controlfield><controlfield tag="008">060222s1000------------r-----000-0-eng-d</controlfield><datafield ind1=" " ind2=" " tag="040"><subfield code="a">IFIN-HH</subfield></datafield><datafield ind1=" " ind2=" " tag="080"><subfield code="a">541.12:538.143.43</subfield></datafield><datafield ind1="1" ind2=" " tag="100"><subfield code="a">Haws, E.J</subfield></datafield><datafield ind1="1" ind2="0" tag="245"><subfield code="a">The interpretation of proton magnetic resonance spectra</subfield><subfield code="b">A programmed introduction</subfield><subfield code="c">E.j. haws, r.r. hill, d.j. mowthorpe</subfield></datafield><datafield ind1=" " ind2=" " tag="260"><subfield code="a">London</subfield><subfield code="b">Heyden &amp; Son Ltd</subfield><subfield code="c">1973</subfield></datafield><datafield ind1=" " ind2=" " tag="300"><subfield code="a">IX + 180P</subfield></datafield><datafield ind1="1" ind2=" " tag="700"><subfield code="a">Mowthorpe, D.J</subfield></datafield><datafield ind1=" " ind2=" " tag="852"><subfield code="a">42373</subfield><subfield code="c">539.143.43</subfield></datafield><datafield ind1=" " ind2=" " tag="CAT"><subfield code="a">Sys</subfield><subfield code="c">20120509</subfield><subfield code="h">144121</subfield></datafield></record></collection>